@article{mipi-csi,
  title={Energy Harvesting Technologies},
  author={Priya S,Inman},
  journal={Springer},
  volume={56},
  number={3},
  pages={520-550},
  year={2008},
  publisher={Springer}
}

@article{EDF_1,
  title={Scheduling a production line to minimize maximum tardiness},
  author={J.-R. Jackson},
  journal={Research report 43,
management science research project, University of California, Los Angeles},
  volume={43},
  year={1955}
}

@article{Baglio,
  title={ Energy harvesting from
weak random vibrations: Bistable strategies and architectures for MEMS devices},
  author={S. Baglio, C. Trigona, B. Ando, F. Maiorca, G. L’Episcopo, and A. Beninato},
  volume={. In Proceedings of the
2012 IEEE 55th International Midwest Symposium on Circuits and Systems (MWSCAS’12},
  pages={150-160},
  year={2012},
  publisher={DOI:http://dx.doi.org/10.1109/MWSCAS.2012.6291980}
}

@article{Baglio_1,
  title={An innovative and efficient energy harvesting platform architecture for autonomous microsystems},
  author={J. F. Christmann, E. Beigne, C. Condemine, and J. Willemin},
  volume={. In Proceedings of the
2012 IEEE 55th International Midwest Symposium on Circuits and Systems (MWSCAS’12},
  pages={170-180},
  year={2010},
  publisher={DOI:http://dx.doi.org/10.1109/
NEWCAS.2010.5603747}
}

@article{Baglio_2,
  title={Architecture exploration for ambient energy harvesting nonvolatile processors},
  author={K. Ma, Y. Zheng, S. Li, K. Swaminathan, X. Li, Y. Liu, J. Sampson, Y. Xie, and V. Narayanan},
  volume={In Proceedings of the
2015 IEEE 21st International Symposium on High Performance Computer Architecture},
  pages={520-537},
  year={2015},
  publisher={DOI:http://dx.doi.org/10.1109/
NEWCAS.2010.5603747}
}

@article{Baglio_3,
  title={Multisource and battery-free energy harvesting architecture for aeronautics applications},
  author={C. Vanhecke, L. Assouere, A. Wang, P. Durand-Estebe, F. Caignet, J.-M. Dilhac, and M. Bafleur},
  volume={In Proceedings of the
2015 IEEE 21st International Symposium on High Performance Computer Architecture},
  pages={3215–3227},
  year={2015},
  publisher={IEEE}
}

@article{Baglio_4,
  title={System architecture for ride portfolio
reporting employing energy harvesting scheme},
  author={R. Yaqub, H. Ahmad, N. A. Boakye-Boateng, and Y. Wang},
  volume={In Proceedings of the
2015 IEEE 21st International Symposium on High Performance Computer Architecture},
  pages={240-245},
  year={2012},
  publisher={. DOI:http://dx.doi.org/10.1109/ICCVE.2012.54}
}

@article{kansal_1,
  title={ Power management in energy harvesting
sensor networks.},
  author={A. Kansal, J. Hsu, S. Zahedi, and M. B. Srivastava},
  volume={32},
  number={},
  pages={520-550},
  year={sept 2007},
  publisher={ACM Trans. Embed. Comput. Syst}
}


@article{kansal,
  title={ An environmental energy harvesting framework for sensor
networks},
  author={A. Kansal and M. B. Srivastava},
  journal={Springer},
  pages={481-486},
  year={(Sept. 2003)},
  publisher={ISLPED}
}

@article{second,
  title={Energy Harvesting Powered Embedded Systems},
  author={Yawen Wu, Zhenge Jia, Jingtong Hu},
  year={2019},
}

@article{Rola,
  title={Contributions to Real Time Scheduling for
Energy Autonomous Systems},
  author={Rola EL OSTA},
  year={2017},
}




@article{dutycycle,
  title={Energy management in wireless sensor networks},
  author={ J.A. Khan, H.K. Qureshi and A. Iqbal},
  journal={10.1016/j.compeleceng.2014.06.009},
  year={2014},
  publisher={elsevie}
}

@article{dutycycle_1,
  title={Ultra-low power techniques in energy harvesting wireless sensor networks: Recent advances and issues},
  author={Felix Mazunga,ActionNechibvute},
  journal={Applied Physics and Telecommunications Department, Midlands State University, P. Bag 9055, Gweru, Zimbabwe},
  year={2021},
  publisher={ELSEVIER}
}


@article{Mosse,
  title={Scheduling for frame-based embedded
systems with rechargeable batteries},
  author={A. Allavena and D. Mossé},
  year={2001},
}

@article{real,
  title={Real-Time Concepts for Embedded Systems},
  author={ Qing Li, Caroline Yao},
  year={2001}
}

@article{dutycycle_2,
  title={Survey and taxonomy of duty cycling mechanisms in wireless sensor networks},
  author={R.C. Carrano, D. Passos, L.C.S. Magalhaes and C.V.N.},
  journal={IEEE},
  pages={180-200},
  year={2014},
  publisher={IEEE}
}
@article{dutyaggreation,
  title={Secured data aggregation in wireless sensor networks},
  author={D. Sathya and P. Kumar},
  pages={369-375},
  year={2017},
}

@article{dutycompression,
  title={A review of energy conservation in wireless sensor networks},
  author={B. Omodunbi, O.T. Arulogun and J.O. Emuoyibofarhe},
  pages={17-23},
  year={2013},
}
@article{dutycompression_1,
  title={Energy-efficient sensing in wireless sensor networks using compressed sensing},
  author={M.A. Razzaque and S. Dobson},
  pages={2822-2859},
  year={2014},
}

@article{Tmda,
  title={Balancing batteries,power,and performance:System issue in CPU speed-settingfor mobile computing},
  author={T.Martin},
  year={1999},
}
@article{DVFS,
  title={Power management techniques in wireless sensor networks- a survey},
  author={A.J. Krishnan and G.S. Binu},
  pages={230-2379},
  year={2017},
}
@article{DPM,
  title={Dynamic power management in wireless sensor networks: state-of-the-art},
  author={W. Dargie},
  pages={1518-1528},
  year={2012},
  publisher={IEEE}
}

@article{DPM_1,
  title={Optimal Scheduling for Real-Time Jobs in
Energy Harvesting Computing Systems
},
  author={MARYLINE CHETTO},
  pages={122},
  publisher={IEEE}
}



